@Article{Marcel2005,
   AUTHOR = {Marcel M},
   TITLE = {Genome sequencing in microfabricated high-density picolitre reactors},
   JOURNAL = {Nature},
   YEAR = {2005},
   VOLUME = {437},
   NUMBER = {},
   PAGES = {376-380},
   DOI = {10.1038/nature03959}
}

@Article{Bentley2006,
   AUTHOR = {David R Bentley},
   TITLE = {Whole-genome re-sequencing},
   JOURNAL = {Current Opinion in Genetics \& Development},
   YEAR = {2006},
   VOLUME = {16},
   NUMBER = {},
   PAGES = {545â€“552},
   DOI = {10.1016/j.gde.2006.10.009}
}

@Article{NGS2010,
   AUTHOR = {Metzker, M L},
   TITLE = {Sequencing technologies - the next generation},
   JOURNAL = {Nature Reviews Genetics},
   YEAR = {2010},
   VOLUME = {11},
   NUMBER = {1},
   PAGES = {31-46},
   DOI = {10.1038/nrg2626}
}

@Article{genome10k2009,
   AUTHOR = {Haussler, D},
   TITLE = {Genome 10K: a proposal to obtain whole-genome sequence for 10,000 vertebrate species},
   JOURNAL = {Journal of Heredity},
   YEAR = {2009},
   VOLUME = {100},
   NUMBER = {6},
   PAGES = {659-674},
   DOI = {10.1093/jhered/esp086}
}

@Article{Koren2013,
    AUTHOR = {Sergey Koren}, 
    TITLE = {Reducing assembly complexity of microbial genomes with single-molecule sequencing},
    JOURNAL = {Genome Biology},
    YEAR = {2013},
    VOLUME = {14},
    NUMBER = {9},
    PAGES = {R101},
    DOI = {10.1186/gb-2013-14-9-r101}
}

@Article{Salmela2014,
    AUTHOR = {Leena Salmela, and Eric Rivals}, 
    title = {LoRDEC: accurate and efficient long read error correction},
    JOURNAL = {Bioinformatics},
    YEAR = {2014},
    VOLUME = {30}, 
    NUMBER = {24},
    PAGES = {3506-3514},
    DOI = {10.1093/bioinformatics/btu538}
}

@Article{Koren2012,
    AUTHOR = {Sergey Koren}, 
    title = {Hybrid error correction and de novo assembly of single-molecule sequencing reads},
    JOURNAL = {Nature Biotechnology},
    YEAR = {2012},
    VOLUME = {30},
    NUMBER = {7},
    PAGES = {R101},
    DOI = {10.1038/nbt.2280}
}

@Article{pmid24852006,
   Author="Hommelsheim, C. M.  and Frantzeskakis, L.  and Huang, M.  and Ulker, B. ",
   Title="{{P}{C}{R} amplification of repetitive {D}{N}{A}: a limitation to genome editing technologies and many other applications}",
   Journal="Sci Rep",
   Year="2014",
   Volume="4",
   Pages="5052"
}

@Article{pmid21685062,
   Author="Medvedev, P.  and Scott, E.  and Kakaradov, B.  and Pevzner, P. ",
   Title="{{E}rror correction of high-throughput sequencing datasets with non-uniform coverage}",
   Journal="Bioinformatics",
   Year="2011",
   Volume="27",
   Number="13",
   Pages="i137--141",
   Month="Jul"
}

@Article{pmid18341692,
   Author="Phillippy, A. M.  and Schatz, M. C.  and Pop, M. ",
   Title="{{G}enome assembly forensics: finding the elusive mis-assembly}",
   Journal="Genome Biol.",
   Year="2008",
   Volume="9",
   Number="3",
   Pages="R55"
}

@Article{pmid23644548,
   Author="Chin, C. S.  and Alexander, D. H.  and Marks, P.  and Klammer, A. A.  and Drake, J.  and Heiner, C.  and Clum, A.  and Copeland, A.  and Huddleston, J.  and Eichler, E. E.  and Turner, S. W.  and Korlach, J. ",
   Title="{{N}onhybrid, finished microbial genome assemblies from long-read {S}{M}{R}{T} sequencing data}",
   Journal="Nat. Methods",
   Year="2013",
   Volume="10",
   Number="6",
   Pages="563--569",
   Month="Jun"
}

@Article{pmid25705213,
   Author="Chen, X.  and Li, Q.  and Li, Y.  and Qian, J.  and Han, J. ",
   Title="{{C}hloroplast genome of {A}conitum barbatum var. puberulum ({R}anunculaceae) derived from {C}{C}{S} reads using the {P}ac{B}io {R}{S} platform}",
   Journal="Front Plant Sci",
   Year="2015",
   Volume="6",
   Pages="42"
}

@Article{pmid20858600,
   Author="Schadt, E. E.  and Turner, S.  and Kasarskis, A. ",
   Title="{{A} window into third-generation sequencing}",
   Journal="Hum. Mol. Genet.",
   Year="2010",
   Volume="19",
   Number="R2",
   Pages="R227--240",
   Month="Oct"
}

@Article{pmid20529929,
   Author="Simpson, J. T.  and Durbin, R. ",
   Title="{{E}fficient construction of an assembly string graph using the {F}{M}-index}",
   Journal="Bioinformatics",
   Year="2010",
   Volume="26",
   Number="12",
   Pages="i367--373",
   Month="Jun"
}

@Article{pmid25107872,
   Author="Li, H. ",
   Title="{{F}ast construction of {F}{M}-index for long sequence reads}",
   Journal="Bioinformatics",
   Year="2014",
   Volume="30",
   Number="22",
   Pages="3274--3275",
   Month="Nov"
}

@Article{pmid19261174,
   Author="Langmead, B.  and Trapnell, C.  and Pop, M.  and Salzberg, S. L. ",
   Title="{{U}ltrafast and memory-efficient alignment of short {D}{N}{A} sequences to the human genome}",
   Journal="Genome Biol.",
   Year="2009",
   Volume="10",
   Number="3",
   Pages="R25"
}

@ARTICLE{Maxam1977,
  author = {{Maxam, A.M. and Gilbert, W.}},
  title = {{A New Method for Sequencing DNA}},
  journal = {Proceedings of The National Academy of Sciences},
  year = {1977},
  volume = {74},
  pages = {560--564},
  doi = {10.1073/pnas.74.2.560},
  issue = {2},
  masid = {1985169}
}

@ARTICLE{Sanger1977,
  author = {{Sanger, F., Nicklen, S. and Coulson, A.R.}},
  title = {{DNA sequencing with chain-terminating inhibitors}},
  journal = {Proceedings of the National Academy of Sciences},
  year = {1977},
  volume = {74},
  pages = {5463-5467},
  number = {12},
  eprint = {http://www.pnas.org/content/74/12/5463.full.pdf+html},
  url = {http://www.pnas.org/content/74/12/5463.abstract}
}

@ARTICLE{HGP2004,
  author = {{International Human Genome Sequencing Consortium}},
  title = {{Finishing the euchromatic sequence of the human genome}},
  journal = {Nature},
  year = {2004},
  volume = {431},
  pages = {931--945},
  doi = {10.1038/nature03001},
  issue = {7011},
  masid = {14896967}
}

@ARTICLE{Mardis2008,
  author = {{Mardis, E.R.}},
  title = {{Next-Generation DNA Sequencing Methods}},
  journal = {Annual Review of Genomics and Human Genetics},
  year = {2008},
  volume = {9},
  pages = {387--402},
  doi = {10.1146/annurev.genom.9.081307.164359},
  issue = {1},
  masid = {5604115}
}

@ARTICLE{Wheeler2008,
  author = {{Wheeler, D.A., Srinivasan, M., Egholm, M.,\em et al}},
  title = {{The complete genome of an individual by massively parallel DNA sequencing}},
  journal = {Nature},
  year = {2008},
  volume = {452},
  pages = {872--876},
  doi = {10.1038/nature06884},
  issue = {7189},
  masid = {4984214}
}

@ARTICLE{Ferragina2000,
  author = {{Ferragina, P. and Manzini, G.}},
  title = {{Opportunistic data structures with applications}},
  journal = {Foundations of Computer Science},
  year = {2000},
  volume = {452},
  pages = {390 - 398},
  doi = {10.1109/SFCS.2000.892127},
  issue = {0272-5428},
}

@ARTICLE{Ferragina2005,
  author = {{Ferragina, P. and Manzini, G.}},
  title = {{Indexing compressed text}},
  journal = {Journal of the ACM},
  year = {2005},
  volume = {52},
  pages = {552 - 581},
  doi = {10.1145/1082036.1082039},
  issue = {4},
}

@INBOOK{Ferragina2004,
  author = {{P. Ferragina, G. Manzini, M. Veli, and G. Navarro}},
  title = {{String Processing and Information Retrieval: 11th     International Conference}},
  chapter = {An alphabet-friendly FM-index},
  publisher = {Springer Berlin Heidelberg},
  year = {2004},
  volume = {3246},
  pages = {150 - 160},
  doi = {10.1007/978-3-540-30213-1_23},
}

@Article{pmid20529929,
   Author="Simpson, J. T.  and Durbin, R. ",
   Title="{{E}fficient construction of an assembly string graph using the {F}{M}-index}",
   Journal="Bioinformatics",
   Year="2010",
   Volume="26",
   Number="12",
   Pages="i367--373",
   Month="Jun"
}

@Article{pmid22829749,
   Author="Liu, L.  and Li, Y.  and Li, S.  and Hu, N.  and He, Y.  and Pong, R.  and Lin, D.  and Lu, L.  and Law, M. ",
   Title="{{C}omparison of next-generation sequencing systems}",
   Journal="J. Biomed. Biotechnol.",
   Year="2012",
   Volume="2012",
   Pages="251364"
}

@Article{pmid21142692,
   Author="Chin, C. S.  and Sorenson, J.  and Harris, J. B.  and Robins, W. P.  and Charles, R. C.  and Jean-Charles, R. R.  and Bullard, J.  and Webster, D. R.  and Kasarskis, A.  and Peluso, P.  and Paxinos, E. E.  and Yamaichi, Y.  and Calderwood, S. B.  and Mekalanos, J. J.  and Schadt, E. E.  and Waldor, M. K. ",
   Title="{{T}he origin of the {H}aitian cholera outbreak strain}",
   Journal="N. Engl. J. Med.",
   Year="2011",
   Volume="364",
   Number="1",
   Pages="33--42",
   Month="Jan"
}

@Article{pmid21793740,
   Author="Rasko, D. A.  and Webster, D. R.  and Sahl, J. W.  and Bashir, A.  and Boisen, N.  and Scheutz, F.  and Paxinos, E. E.  and Sebra, R.  and Chin, C. S.  and Iliopoulos, D.  and Klammer, A.  and Peluso, P.  and Lee, L.  and Kislyuk, A. O.  and Bullard, J.  and Kasarskis, A.  and Wang, S.  and Eid, J.  and Rank, D.  and Redman, J. C.  and Steyert, S. R.  and Frimodt-M{\o}ller, J.  and Struve, C.  and Petersen, A. M.  and Krogfelt, K. A.  and Nataro, J. P.  and Schadt, E. E.  and Waldor, M. K. ",
   Title="{{O}rigins of the {E}. coli strain causing an outbreak of hemolytic-uremic syndrome in {G}ermany}",
   Journal="N. Engl. J. Med.",
   Year="2011",
   Volume="365",
   Number="8",
   Pages="709--717",
   Month="Aug"
}

@Article{pmid18952627,
   Author="Miller, J. R.  and Delcher, A. L.  and Koren, S.  and Venter, E.  and Walenz, B. P.  and Brownley, A.  and Johnson, J.  and Li, K.  and Mobarry, C.  and Sutton, G. ",
   Title="{{A}ggressive assembly of pyrosequencing reads with mates}",
   Journal="Bioinformatics",
   Year="2008",
   Volume="24",
   Number="24",
   Pages="2818--2824",
   Month="Dec"
}

@Article{pmid22147368,
   Author="Salzberg, S. L.  and Phillippy, A. M.  and Zimin, A.  and Puiu, D.  and Magoc, T.  and Koren, S.  and Treangen, T. J.  and Schatz, M. C.  and Delcher, A. L.  and Roberts, M.  and Marcais, G.  and Pop, M.  and Yorke, J. A. ",
   Title="{{G}{A}{G}{E}: {A} critical evaluation of genome assemblies and assembly algorithms}",
   Journal="Genome Res.",
   Year="2012",
   Volume="22",
   Number="3",
   Pages="557--567",
   Month="Mar"
}

@Article{pmid25132181,
   Author="Mehrotra, S.  and Goyal, V. ",
   Title="{{R}epetitive sequences in plant nuclear {D}{N}{A}: types, distribution, evolution and function}",
   Journal="Genomics Proteomics Bioinformatics",
   Year="2014",
   Volume="12",
   Number="4",
   Pages="164--171",
   Month="Aug"
}

@misc{ wiki:FM-index,
   author = "Wikipedia",
   title = "{FM-index} --- {W}ikipedia{,} The Free Encyclopedia",
   year = "2015",
   howpublished = {\url{http://en.wikipedia.org/w/index.php?title=FM-index&oldid=674493601}},
   note = "[Online; accessed 06-August-2015]"
 }

@misc{sequencing_error,
 Title = {Sequencing error},
 year = {2008},
 note={\url{https://www.broadinstitute.org/crd/wiki/index.php/Sequencing_error}}
 }